<?xml version="1.0" encoding="UTF-8"?><collection xmlns="http://www.loc.gov/MARC21/slim"><record><leader>00584nam--2200181-i-4500</leader><controlfield tag="001">000010959</controlfield><controlfield tag="002">20161230</controlfield><controlfield tag="005">20161230201029</controlfield><controlfield tag="008">060222s1000------------r-----000-0-fre-d</controlfield><datafield ind1=" " ind2=" " tag="040"><subfield code="a">IFIN-HH</subfield></datafield><datafield ind1=" " ind2=" " tag="041"><subfield code="a">fre</subfield></datafield><datafield ind1=" " ind2=" " tag="080"><subfield code="a">539.12.162.8(043)</subfield></datafield><datafield ind1="1" ind2=" " tag="100"><subfield code="a">Derem, Andre M</subfield></datafield><datafield ind1="1" ind2="0" tag="245"><subfield code="a">Analyses de poles de regge de la diffusion pi n et k avec echange de charge a haute energie</subfield><subfield code="b">These article principal recouvrant en partie la these</subfield><subfield code="c">M. andre derem</subfield></datafield><datafield ind1=" " ind2=" " tag="260"><subfield code="a">Paris</subfield><subfield code="b">Universite De Paris Vi</subfield><subfield code="c">1972</subfield></datafield><datafield ind1=" " ind2=" " tag="300"><subfield code="a">/682-712P</subfield></datafield><datafield ind1=" " ind2=" " tag="852"><subfield code="a">40438</subfield><subfield code="c">539.131</subfield></datafield><datafield ind1=" " ind2=" " tag="CAT"><subfield code="a">Sys</subfield><subfield code="c">20120302</subfield><subfield code="h">125956</subfield></datafield></record></collection>